@inproceedings{bosman2014framing,
  title={Framing signals-a return to portable shellcode},
  author={Bosman, Erwin and Bos, Herbert},
  booktitle={Security and Privacy (SP), 2014 IEEE Symposium on},
  pages={243--258},
  year={2014},
  organization={IEEE}
}
@inproceedings{cowan1998stackguard,
  title={StackGuard: Automatic Adaptive Detection and Prevention of Buffer-Overflow Attacks.},
  author={Cowan, Crispan and Pu, Calton and Maier, Dave and Walpole, Jonathan and Bakke, Peat and Beattie, Steve and Grier, Aaron and Wagle, Perry and Zhang, Qian and Hinton, Heather},
  booktitle={Usenix Security},
  volume={98},
  pages={63--78},
  year={1998}
}
@inproceedings{li2010defeating,
  title={Defeating return-oriented rootkits with return-less kernels},
  author={Li, Jinku and Wang, Zhi and Jiang, Xuxian and Grace, Michael and Bahram, Sina},
  booktitle={Proceedings of the 5th European conference on Computer systems},
  pages={195--208},
  year={2010},
  organization={ACM}
}

